@inproceedings{cc77,
  author    = {Patrick Cousot and Radhia Cousot},
  title     = {Abstract Interpretation: {A} Unified Lattice Model for Static
                  Analysis of Programs by Construction or Approximation of
                  Fixpoints},
  booktitle = {Principles of Programming Languages (POPL)},
  year      = {1977},
  doi       = {10.1145/512950.512973}}

@article{soundy,
author = {Livshits, Benjamin and Sridharan, Manu and Smaragdakis, Yannis and
                  Lhot\'{a}k, Ond\v{r}ej and Amaral, J. Nelson and Chang,
                  Bor-Yuh Evan and Guyer, Samuel Z. and Khedker, Uday P. and
                  M\o{}ller, Anders and Vardoulakis, Dimitrios},
title = {In Defense of Soundiness: A Manifesto},
year = {2015},
doi = {10.1145/2644805},
journal = {Commun. ACM},
month = jan,
volume = {58},
number = {2}}

@inproceedings{lisp,
 author = {McCarthy, John},
 title = {History of LISP},
 booktitle = "History of programming languages (HOPL)",
 year = {1978},
 doi = {10.1145/960118.808387}}

@inproceedings{ben,
  author    = {Benjamin Livshits and John Whaley and Monica Lam},
  title     = {Reflection Analysis for {Java}},
  year      = {2005},
  booktitle = {Asian Symposium on Programming Languages and Systems (APLAS)}}

@InProceedings{systa-reveng00, 
  title =	"Understanding the Behavior of Java Programs",
  author =	"Tarja Syst{\"a}",
  year = 	"2000",
  booktitle =	"7th Working Conference on Reverse Engineering (WCRE)"}


@Manual{r,
 title = {R: A Language and Environment for Statistical Computing},
 author = {{R Core Team}},
 organization = {R Foundation for Statistical Computing},
 year = {2017},
 url = {https://www.R-project.org/}}

@inproceedings{Ligges2017,
  author = {Ligges, Uwe},
  booktitle = {Keynote at UseR!},
  title = {{20 Years of CRAN} (Video on Channel9}},
  url = {https://channel9.msdn.com/Events/useR-international-R-User-conferences/useR-International-R-User-2017-Conference/KEYNOTE-20-years-of-CRAN},
  year = {2017}}

@inproceedings{RDT,
  title        = {RDT: A Dynamic Tracing Framework for R},
  author       = {Aviral Goel, Filip Krikava and Jan Vitek},
  booktitle    = {RIOT workshop at Use R! 2019},
  year         = 2019,
  publisher    = {Zenodo},
  doi          = {10.5281/zenodo.3625397}}

@book{GNUparallel,
      author       = {Tange, Ole},
      title        = {GNU Parallel},
      publisher    = {Ole Tange},
      year         = 2018,
      doi          = {10.5281/zenodo.1146014}}
